<?xml version="1.0" encoding="UTF-8"?><collection xmlns="http://www.loc.gov/MARC21/slim"><record><leader>00554nam--2200169-i-4500</leader><controlfield tag="001">000034473</controlfield><controlfield tag="002">20161230</controlfield><controlfield tag="005">20161230201040</controlfield><controlfield tag="008">060222s1000------------r-----000-0-eng-d</controlfield><datafield ind1=" " ind2=" " tag="040"><subfield code="a">IFIN-HH</subfield></datafield><datafield ind1=" " ind2=" " tag="080"><subfield code="a">015:539.144.6</subfield></datafield><datafield ind1="1" ind2=" " tag="100"><subfield code="a">Nord, Russell Harry</subfield></datafield><datafield ind1="1" ind2="0" tag="245"><subfield code="a">Measurement of mean lifetimes of coulombexcited nuclear states using the plunger recoil-distance technique</subfield><subfield code="b">Dissertation</subfield><subfield code="c">Russell harry nord</subfield></datafield><datafield ind1=" " ind2=" " tag="260"><subfield code="a">Ann Arbor, Michigan</subfield><subfield code="b">University Microfilms</subfield><subfield code="c">1971</subfield></datafield><datafield ind1=" " ind2=" " tag="300"><subfield code="a">IV + 71P</subfield></datafield><datafield ind1=" " ind2=" " tag="852"><subfield code="a">37849</subfield><subfield code="c">539.14</subfield></datafield><datafield ind1=" " ind2=" " tag="CAT"><subfield code="a">Sys</subfield><subfield code="c">20120328</subfield><subfield code="h">151652</subfield></datafield></record></collection>